<record><leader>00000cas a22000007a 4500</leader><controlfield tag="001">14251539</controlfield><controlfield tag="008">860923d19211956paudn ne      0    0eng d</controlfield><datafield ind1=" " ind2=" " tag="010"><subfield code="a">sn 86083232 </subfield></datafield><datafield ind1=" " ind2=" " tag="040"><subfield code="a">NPH</subfield><subfield code="b">eng</subfield><subfield code="c">NPH</subfield><subfield code="d">OCLCQ</subfield><subfield code="d">IUL</subfield><subfield code="d">OCLCF</subfield></datafield><datafield ind1="1" ind2=" " tag="029"><subfield code="a">AU@</subfield><subfield code="b">000025819948</subfield></datafield><datafield ind1=" " ind2=" " tag="042"><subfield code="a">msc</subfield></datafield><datafield ind1=" " ind2=" " tag="043"><subfield code="a">n-us-pa</subfield></datafield><datafield ind1="0" ind2="0" tag="245"><subfield code="a">Monessen daily independent.</subfield></datafield><datafield ind1="1" ind2="7" tag="246"><subfield code="a">Daily independent</subfield></datafield><datafield ind1=" " ind2=" " tag="260"><subfield code="a">Monessen, Pa. :</subfield><subfield code="b">[s.n.],</subfield><subfield code="c">1921-1956.</subfield></datafield><datafield ind1=" " ind2=" " tag="300"><subfield code="a">34 v. :</subfield><subfield code="b">ill.</subfield></datafield><datafield ind1=" " ind2=" " tag="310"><subfield code="a">Daily (except Sunday)</subfield></datafield><datafield ind1="0" ind2=" " tag="362"><subfield code="a">Vol. 20, no. 74 (Sept. 5, 1921)-v. 54, no. 308 (June 27, 1956).</subfield></datafield><datafield ind1=" " ind2=" " tag="500"><subfield code="a">"The independent circulates in the homes of workingmen throughout the entire upper Monongahela Valley."</subfield></datafield><datafield ind1=" " ind2=" " tag="500"><subfield code="a">Editor: Harry R. Pore.</subfield></datafield><datafield ind1=" " ind2="0" tag="651"><subfield code="a">Monessen (Pa.)</subfield><subfield code="v">Newspapers.</subfield></datafield><datafield ind1=" " ind2="0" tag="651"><subfield code="a">Westmoreland County (Pa.)</subfield><subfield code="v">Newspapers.</subfield></datafield><datafield ind1=" " ind2="7" tag="651"><subfield code="a">Pennsylvania</subfield><subfield code="z">Monessen.</subfield><subfield code="2">fast</subfield><subfield code="0">(OCoLC)fst01234002</subfield></datafield><datafield ind1=" " ind2="7" tag="651"><subfield code="a">Pennsylvania</subfield><subfield code="z">Westmoreland County.</subfield><subfield code="2">fast</subfield><subfield code="0">(OCoLC)fst01204997</subfield></datafield><datafield ind1=" " ind2="7" tag="655"><subfield code="a">Newspapers.</subfield><subfield code="2">fast</subfield><subfield code="0">(OCoLC)fst01423814</subfield></datafield><datafield ind1=" " ind2=" " tag="752"><subfield code="a">United States</subfield><subfield code="b">Pennsylvania</subfield><subfield code="c">Westmoreland</subfield><subfield code="d">Monessen.</subfield></datafield><datafield ind1="0" ind2="0" tag="780"><subfield code="t">Daily independent (Monessen, Pa. : 1902)</subfield><subfield code="w">(DLC)sn 85054538</subfield><subfield code="w">(OCoLC)11909543</subfield></datafield><datafield ind1="0" ind2="0" tag="785"><subfield code="t">Daily independent (Monessen, Pa. : 1956)</subfield><subfield code="w">(DLC)sn 86083231</subfield><subfield code="w">(OCoLC)14251521</subfield></datafield></record>